
@incollection{michal_cognitive_2021,
	title = {Cognitive Development: Applications to Education},
	booktitle = {The Oxford Handbook of Educational Psychology},
	publisher = {Oxford University Press},
	author = {Michal, Audrey and Fansher, Madison and Xin, Sun and Zhang, Han},
	date = {2021}
}