

@unpublished{zhang_what_2020,
	title = {What Can Your {iPhone} Tell about Your Everyday Cognitive Functioning? An Exploratory Study using Screen Time},
	author = {{\bf Zhang}, Han and Shah, Priti},
	date = {2020},
}

@unpublished{zhang_eye_2020,
	title = {Eye movements of Mind-wandering in Chinese College Classrooms: A Mobile Eye Tracking Study},
	author = {{\bf Zhang}, Han and Miller, Kevin F. and Cortina, Kai S. and Jiang, Ting},
	date = {2020},
}