
@article{adkins_people_2024,
	title = {People are more error-prone after committing an error},
	doi = {10.1101/2022.03.17.484792},
	journal = {Nature Communications},
	author = {Adkins, Tyler J. and Zhang, Han and Lee, Taraz G.},
	year = {2024},
	note = {Status: in press},
}

@article{zhang_temporal_2024,
	title = {The temporal dynamics of visual attention},
	volume = {In press},
	doi = {10.31234/osf.io/e4ktq},
	journal = {Journal of Experimental Psychology: General},
	author = {Zhang, Han and Sellers, Jacob and Lee, Taraz G. and Jonides, John},
	year = {2024},
	note = {status: in press},
}

@article{zhang_lingering_2024,
	title = {Lingering on distraction: {Examining} distractor rejection in adults with {ADHD}},
	volume = {In press},
	doi = {10.1080/13506285.2024.2328379},
	journal = {Visual Cognition},
	author = {Zhang, Han and Abagis, Tessa R. and Steeby, Clara J and Jonides, John},
	year = {2024},
	note = {status: in press},
}

@article{zhang_how_2024,
	title = {How does mind-wandering affect distractor suppression?},
	volume = {In press},
	doi = {10.1080/13506285.2024.2347605},
	journal = {Visual Cognition},
	author = {Zhang, Han and Miller, Kevin F. and Jonides, John},
	year = {2024},
	note = {status: in press},
}
