
@unpublished{zhang_self-control_2021,
	title = {The Self-Control Scale and Social Desirability: A Meta-Analysis and Systematic Review},
	url = {https://psyarxiv.com/j4vy8/},
	author = {Zhang, Han and Xin, Sun and Miyake, Akira},
	date = {2021}
}

@unpublished{adkins_post-error_2022,
	title = {What happens after an error?},
	author = {Adkins, Tyler J. and Zhang, Han and Lee, Taraz G.},
	url = {https://doi.org/10.1101/2022.03.17.484792},
	date = {2022}
}

@unpublished{zhang_uncovering_2022,
	title = {Uncovering the structure of individual differences in distractibility},
	author = {Zhang, Han and Miyake, Akira and Shah, Priti and Jonides, John},
	date = {2022}
}