
@incollection{michal_cognitive_2021,
	title = {Cognitive {Development}: {Applications} to {Education}},
	booktitle = {The {Oxford} {Handbook} of {Educational} {Psychology}},
	publisher = {Oxford University Press},
	author = {Michal, Audrey and Fansher, Madison and Xin, Sun and Zhang, Han},
	year = {2021},
}

@inproceedings{zhang_pre-trial_2021,
	address = {Yokohama, Japan},
	title = {Pre-trial {Gaze} {Stability} {Predicts} {Momentary} {Slips} of {Attention}},
	url = {https://psyarxiv.com/bv2uc/},
	booktitle = {{EMICS} '21},
	publisher = {ACM, New York, NY, USA},
	author = {Zhang, Han and Jonides, John},
	year = {2021},
}
