
@inproceedings{zhang_how_2022,
	title = {How does the priority map change over time?},
	eventtitle = {[Talk session]. the Psychonomic Society's 63nd Annual Meeting. {Boston}, {MA}, {USA}},
	author = {Zhang, Han and Adkins, Tyler and Lee, Taraz and Jonides, John},
	date = {2022-11},
}

@inproceedings{zhang_uncovering_2021,
	title = {Uncovering the structure of individual differences in distractibility},
	eventtitle = {[Talk session]. the Psychonomic Society's 62nd Annual Meeting. Virtual Conference},
	author = {Zhang, Han and Miyake, Akira and Shah, Priti and Jonides, John},
	date = {2021-11},
}

@inproceedings{zhang_mind-wandering_2020,
	title = {Mind-wandering during Scene Perception: On the Role of Meaning and Salience},
	eventtitle = {[Poster session]. the Psychonomic Society's 61st Annual Meeting. Virtual Conference},
	author = {Zhang, Han and Anderson, Nicola C. and Miller, Kevin F.},
	date = {2020-11},
}

@inproceedings{zhang_scan-paths_2020,
	title = {Scan-paths of Mind-wandering during Real-world Scene Perception},
	eventtitle = {[Graduate Student Research Award]. the 92nd Annual Meeting of the Midwestern Psychological Association (Conference canceled due to Covid-19)},
	author = {Zhang, Han and Anderson, Nicola C. and Miller, Kevin F.},
	date = {2020-04},
}

@inproceedings{zhang_reduced_2019,
	title = {Reduced Re-reading of Garden-path Jokes during Mindless Reading},
	eventtitle = {[Poster session]. the Psychonomic Society's 60th Annual Meeting. {Montreal}, {Qu√©bec}, {Canada}},
	author = {Zhang, Han and Qu, Chuyan and Miller, Kevin F. and Cortina, Kai S.},
	date = {2019-11},
}

@inproceedings{zhang_mind-wandering_2019,
	title = {Mind-wandering in College Classrooms: A Mobile Eye-tracking Study},
	eventtitle = {[Poster session]. {SARMAC} {XIII}. {Cape Cod}, {MA}, {USA}},
	author = {Zhang, Han and Miller, Kevin F. and Cortina, Kai S. and Jiang, Ting},
	date = {2019-06},
}

@inproceedings{zhang_what_2019,
	title = {What Can {iPhone}'s Screen Time Tell about Your Cognitive Functioning?},
	eventtitle = {[Poster session]. the Association for Psychological Science Annual Meeting. {Washington}, {DC}, {USA}},
	author = {Zhang, Han and Shah, Priti},
	date = {2019-05},
}

@inproceedings{zhang_mind-wandering_2019-1,
	title = {Mind-wandering: What Can We Learn from Eye-movements?},
	eventtitle = {[Talk session]. the Combined Program in Education and Psychology Brownbag. {Ann Arbor}, {MI}, {USA}},
	author = {Zhang, Han},
	date = {2019-04},
}

@inproceedings{zhang_scan-paths_2019,
	title = {Scan-Paths of Mind-Wandering during Video Lectures},
	eventtitle = {[Poster session]. the International Convention of Psychological Science. {Paris}, {France}},
	author = {Zhang, Han and Miller, Kevin F. and Sun, Xin},
	date = {2019-03},
}

@inproceedings{zhang_how_2018,
	title = {How Irrelevant Speech Affects Reading: The Role of Word Predictability},
	eventtitle = {[Poster session]. the Psychonomic Society's 59th Annual Meeting. {New Orleans}, {LA}, {USA}},
	author = {Zhang, Han and Miller, Kevin F.},
	date = {2018-11},
}

@inproceedings{zhang_wandering_2018,
	title = {The Wandering Eyes: Mind-wandering during Video Lectures is Associated with Oculomotor Behaviors},
	eventtitle = {[Poster session]. the Association for Psychological Science Annual Meeting. {San Francisco}, {CA}, {USA}},
	author = {Zhang, Han and Miller, Kevin F. and Sun, Xin},
	date = {2018-05},
}

@inproceedings{zhang_how_2016,
	title = {How Listening to Music Affects Reading: Evidence from Eye Tracking},
	eventtitle = {[Poster session]. the Association for Psychological Science Annual Meeting. {Chicago}, {IL}, {USA}},
	author = {Zhang, Han and Miller, Kevin F. and Cleveland, Raymond and Cortina, Kai S.},
	date = {2016-05},
}

@inproceedings{zhang_pretrial_2023,
	title = {Pretrial stability predicts momentary lapses of attention},
	eventtitle = {[Talk session]. the Current Issues in Mind-wandering Research Conference. {Heidelberg}, {Germany}},
	author = {Zhang, Han and Jonides, John},
	date = {2023-07},
}
