
@misc{zhang_association_2024,
	title = {On the association between the self-control scale and social desirability measures: A meta-analysis and systematic review},
	url = {https://psyarxiv.com/j4vy8/},
	doi = {10.31234/osf.io/j4vy8},
	publisher = {{PsyArXiv}},
	author = {Zhang, Han and Xin, Sun and Miyake, Akira},
	date = {2024},
}

@misc{fansher_brief_2024,
	title = {A brief intervention to improve stock-flow reasoning},
	author = {Fansher, Madison and Lalwani, Poortata and Adkins, Tyler J. and Zhang, Han and Carlson, Madison and Boduroglu, Aysecan and Lewis, Richard L. and Jonides, John and Shah, Priti},
	date = {2024},
	langid = {english},
}

@misc{zhang_are_2024,
	title = {Are abrupt onsets highly salient?},
	url = {https://osf.io/preprints/psyarxiv/yckxq},
	doi = {10.31234/osf.io/yckxq},
	publisher = {{PsyArXiv}},
	author = {Zhang, Han and York, A. Kane and Jonides, John},
	urldate = {2024-05-01},
	date = {2024-04-08},
	langid = {english},
	keywords = {attentional capture, distractor suppression, visual search, Abrupt onset},
}
