
@unpublished{zhang_scan-paths_2020,
	title = {Follow the Wandering Mind: Scanpath Patterns of Mind-wandering during Real-world Scene Perception},
	author = {{\bf Zhang}, Han and Anderson, Nicola C. and Miller, Kevin F.},
	date = {2020},
	url = {https://psyarxiv.com/ezaxc/},
	doi = {10.31234/osf.io/ezaxc},
	pubstate = {Under review}
}

@unpublished{zhang_meaning_2020,
	title = {Mind-wandering during Scene Perception: On the Role of Meaning and Salience},
	author = {{\bf Zhang}, Han and Anderson, Nicola C. and Miller, Kevin F.},
	date = {2020},
	url = {https://psyarxiv.com/9fc2u/},
	doi = {10.31234/osf.io/9fc2u},
	pubstate = {Under review}
}
