
@unpublished{york_physiological_2024,
	title = {Physiological evidence for the time-dependent resolution of response conflicts.},
	author = {York, A. Kane and Zhang, Han and Sellers, Jacob and Lee, Taraz G. and Jonides, John},
	date = {2024},
}

@unpublished{sellers_right_2024,
	title = {Right dorsolateral prefrontal cortex increases the precision of task-relevant  representations in situations that involve conflict},
	author = {Sellers, Jacob and Zhang, Han and Jonides, John and Lee, Taraz G.},
	date = {2024},
}
