
@misc{zhang_association_2024,
	title = {On the association between the self-control scale and social desirability measures: {A} meta-analysis and systematic review},
	url = {https://psyarxiv.com/j4vy8/},
	doi = {10.31234/osf.io/j4vy8},
	publisher = {PsyArXiv},
	author = {Zhang, Han and Xin, Sun and Miyake, Akira},
	year = {2024},
}
